00100000         2026599530001760032948600014       0032860000000075367 SAPATARIA E CONFECSOES JIBA   BANCO DO BRASIL                         22103201102475000025703000000909214318PROCESSAMEN                                                 
00100011T0100020 20026599530001760032948600014       0032860000000075367 SAPATARIA E CONFECSOES JIBA                                                                                    000000002103201100000000  000000000                      
00100015         000012000000000000000000000000000000000000000000000000000000000000000000000000000000000000000000000000000000000000000000000000000
00199999         000001000014000000                                                                                                                                                            00000000000000000000000000000                    
