02RETORNO01COBRANCA       00000097090073105040EMPRESALTDA                   655BCO VOTORANTIM SA   080425                                                                                                                                                                                                                                                                                            CL002000001
102265898930001460000009709          37878-4                  0000378784                         400020000000007042537878-4                       09062500000008110286550000000000000000000000000000000000000000000000000000000000000000000000000000000000000000000000000000000000000000000000000000   000000000000000002COMERCIAL FERMABELL LTDA                00000000000000000000000000000000000000000000002
9200655          0000000100000000811028                                                                                                                                                                                                                                                                                                                                                                   000003
